<?xml version="1.0" encoding="UTF-8"?><collection xmlns="http://www.loc.gov/MARC21/slim"><record><leader>00387nam--2200133-i-4500</leader><controlfield tag="001">000011488</controlfield><controlfield tag="002">20161230</controlfield><controlfield tag="005">20161230201029</controlfield><controlfield tag="008">060222s1000------------r-----000-0-eng-d</controlfield><datafield ind1=" " ind2=" " tag="080"><subfield code="a">681.32:778.3</subfield></datafield><datafield ind1=" " ind2=" " tag="100"><subfield code="a">Andrews, Harry C., Pratt, William K.And Caspari, Kenneth</subfield></datafield><datafield ind1=" " ind2=" " tag="245"><subfield code="a">Computer techniques in image processing</subfield></datafield><datafield ind1=" " ind2=" " tag="260"><subfield code="a">New York, Academic Press, 1970 Ix + 187 P</subfield></datafield><datafield ind1=" " ind2=" " tag="852"><subfield code="a">42598</subfield></datafield></record></collection>